@Article{respect-scico2001,
   author =    {Omicini, Andrea AND Denti, Enrico},
   title =     {From Tuple Spaces to Tuple Centres},
   journal =   {Science of Computer Programming},
   year =      2001,
   month =     nov,
   volume =    41,
   number =    3,
   pages =     {277--294},
   publisher = {Elsevier Science B. V.},
   issn =      {0167-6423},
}

@Article{luce-aamas2001,
   author =    {Denti, Enrico AND Omicini, Andrea},
   title =     {{{\sf LuCe}}: A Tuple-based Coordination Infrastructure for {P}rolog and {J}ava Agents},
   journal =   {Autonomous Agents and Multi-Agent Systems},
   volume =    4,
   number =    {1-2},
   month =     mar # "-" # jun,
   year =      2001,
   publisher = {Kluwer Academic Publishers},
   issn =      {1387-2532},
   pages =     {139--141},
   url =       {http://journals.kluweronline.com/article.asp?PIPS=318122},
   doi =       {10.1023/A:1010039317965},
}

@Article{tucson-aamas99,
   author = {Andrea Omicini and Franco Zambonelli},
   title = {Coordination for Internet Application Development},
   journal = {Autonomous Agents and Multi-Agent Systems},
   volume = 2,
   number = 3,
   year = 1999,
   issn = {1387-2532},
   pages = {251--269},
   doi = {http://dx.doi.org/10.1023/A:1010060322135},
   publisher = {Kluwer Academic Publishers},
   address = {Hingham, MA, USA},
}

@inproceedings{tuprolog-padl2001,
    Author = {Denti, Enrico and Omicini, Andrea and Ricci, Alessandro},
    Booktitle = {Practical Aspects of Declarative Languages},
    Editor = {Ramakrishnan, I.V.},
    Isbn = {3-540-41768-0},
    Issn = {0302-9743},
    Note = {3rd International Symposium (PADL 2001), Las Vegas, NV, USA, 11--12 } # mar # { 2001. Proceedings},
    Pages = {184--198},
    Publisher = {Springer-Verlag},
    Series = {LNCS},
    Title = {{{\sf tu}Prolog}: A Light-weight {P}rolog for {I}nternet Applications and Infrastructures},
    Url = {http://www.springerlink.com/openurl.asp?genre=article&issn=0302-9743&volume=1990&spage=184},
    Volume = 1990,
    Year = 2001}

@BOOK{bra00,
  title = {Prolog Programming for Artificial Intelligence},
  publisher = {Addison-Wesley},
  year = {2000},
  author = {Ivan Bratko}
}

@BOOK{ss94,
  title = {The Art of Prolog},
  publisher = {The MIT Press},
  year = {1994},
  author = {Leon Sterling and Ehud Shapiro}
}

@TECHREPORT{iso95,
  title = {Information technology -- {P}rogramming languages -- {P}rolog -- {P}art
	1: General core},
  institution = {International Organization for Standardization},
  year = {1995},
  type = {International Standard ISO/IEC},
  number = {13211Ð1},
  owner = {gpiancastelli},
  timestamp = {2006.10.30}
}

@inproceedings{short-patj-sac08,
	Author = {Cimadamore, Maurizio and Viroli, Mirko},
	Booktitle = {Proc. ACM SAC 2008},
	Date-Added = {2010-02-01 23:04:42 +0100},
	Date-Modified = {2010-02-01 23:27:06 +0100},
	Pages = {198--205},
	Title = {Integrating {J}ava and {P}rolog through Generic Methods and Type Inference},
	Year = 2008}

@misc{ikvm,
  title = {The {IKVM} project.},
  note = {\texttt{http://www.ikvm.net}},
}

@misc{test-suite-bagof,
  title = {Tests of conformance to the Prolog ISO standard},
  note={\texttt{http://www.univ-orleans.fr/lifo/software/stdprolog/ suites.html}}
}

@misc{bug20,
  title = {tuprolog issues, bug \#20.},
  note={\texttt{https://code.google.com/p/tuprolog/ issues/detail?id=20}}
}

@misc{bug14,
  title = {tuprolog issues, bug \#14.},
  note={\texttt{https://code.google.com/p/tuprolog/ issues/detail?id=14}}
}

@misc{bug16,
  title = {tuprolog issues, bug \#16.},
  note={\texttt{https://code.google.com/p/tuprolog/ issues/detail?id=16}}
}
